<record><leader>00000cas a22000007a 4500</leader><controlfield tag="001">16917169</controlfield><controlfield tag="008">871030d19661974laudn ne      0    0eng d</controlfield><datafield ind1=" " ind2=" " tag="010"><subfield code="a">sn 87091086 </subfield></datafield><datafield ind1=" " ind2=" " tag="040"><subfield code="a">PPM</subfield><subfield code="b">eng</subfield><subfield code="c">PPM</subfield><subfield code="d">LNP</subfield><subfield code="d">OCLCQ</subfield><subfield code="d">OCLCF</subfield><subfield code="d">OCLCO</subfield></datafield><datafield ind1="1" ind2=" " tag="029"><subfield code="a">AU@</subfield><subfield code="b">000025834473</subfield></datafield><datafield ind1=" " ind2=" " tag="042"><subfield code="a">msc</subfield></datafield><datafield ind1=" " ind2=" " tag="043"><subfield code="a">n-us-la</subfield></datafield><datafield ind1="0" ind2="4" tag="245"><subfield code="a">The Crowley post herald.</subfield></datafield><datafield ind1="3" ind2="0" tag="246"><subfield code="a">Sunday post herald</subfield></datafield><datafield ind1=" " ind2=" " tag="260"><subfield code="a">Crowley, La. :</subfield><subfield code="b">Crowley Post Herald</subfield></datafield><datafield ind1=" " ind2=" " tag="310"><subfield code="a">Daily (except Sat. and Mon.),</subfield><subfield code="b">Sept. 17, 1968-1974</subfield></datafield><datafield ind1=" " ind2=" " tag="321"><subfield code="a">Semiweekly,</subfield><subfield code="b">&lt;Jan. 5, 1967&gt;-Jan. 8, 1967</subfield></datafield><datafield ind1=" " ind2=" " tag="321"><subfield code="a">Weekly,</subfield><subfield code="b">Jan. 12-Apr. 20, 1967</subfield></datafield><datafield ind1=" " ind2=" " tag="321"><subfield code="a">Semiweekly,</subfield><subfield code="b">Apr. 23, 1967-Sept. 15, 1968</subfield></datafield><datafield ind1="1" ind2=" " tag="362"><subfield code="a">Began with Nov. 24, 1966 issue?</subfield></datafield><datafield ind1="0" ind2=" " tag="362"><subfield code="a">-8th yr., no. 69 (Feb. 28, 1974).</subfield></datafield><datafield ind1=" " ind2=" " tag="500"><subfield code="a">On Sunday published as: The Sunday post herald.</subfield></datafield><datafield ind1=" " ind2=" " tag="588"><subfield code="a">Description based on: 1st year, no. 7 (Jan. 5, 1967).</subfield></datafield><datafield ind1=" " ind2="0" tag="651"><subfield code="a">Crowley (La.)</subfield><subfield code="v">Newspapers.</subfield></datafield><datafield ind1=" " ind2="7" tag="655"><subfield code="a">Newspapers.</subfield><subfield code="2">fast</subfield><subfield code="0">(OCoLC)fst01423814</subfield></datafield><datafield ind1=" " ind2="7" tag="651"><subfield code="a">Louisiana</subfield><subfield code="z">Crowley.</subfield><subfield code="2">fast</subfield><subfield code="0">(OCoLC)fst01217932</subfield></datafield><datafield ind1=" " ind2=" " tag="752"><subfield code="a">United States</subfield><subfield code="b">Louisiana</subfield><subfield code="c">Acadia</subfield><subfield code="d">Crowley.</subfield></datafield><datafield ind1="0" ind2="7" tag="785"><subfield code="t">Crowley daily signal</subfield><subfield code="w">(DLC)sn 88064337</subfield></datafield><datafield ind1="0" ind2="7" tag="785"><subfield code="t">Crowley post-signal</subfield><subfield code="w">(DLC)sn 88064338</subfield></datafield></record>